<record><recordSchema>MARC21-xml</recordSchema><recordPacking>xml</recordPacking><recordData><record xmlns="http://www.loc.gov/MARC21/slim" type="Bibliographic">
    <leader>00000pam a2200000 c 4500</leader>
    <controlfield tag="001">1010802054</controlfield>
    <controlfield tag="003">DE-101</controlfield>
    <controlfield tag="005">20171202193634.0</controlfield>
    <controlfield tag="007">tu</controlfield>
    <controlfield tag="008">110330s2011    gw ||||| |||| 10||||ger  </controlfield>
    <datafield tag="015" ind1=" " ind2=" ">
      <subfield code="a">11,A27</subfield>
      <subfield code="z">11,N14</subfield>
      <subfield code="2">dnb</subfield>
    </datafield>
    <datafield tag="016" ind1="7" ind2=" ">
      <subfield code="2">DE-101</subfield>
      <subfield code="a">1010802054</subfield>
    </datafield>
    <datafield tag="020" ind1=" " ind2=" ">
      <subfield code="a">9783775731881</subfield>
      <subfield code="c">Pp. : EUR 39.80 (DE), EUR 40.90 (AT), sfr 56.90 (freier Pr.)</subfield>
      <subfield code="9">978-3-7757-3188-1</subfield>
    </datafield>
    <datafield tag="024" ind1="3" ind2=" ">
      <subfield code="a">9783775731881</subfield>
    </datafield>
    <datafield tag="028" ind1="5" ind2="2">
      <subfield code="a">Best.-Nr.: 317/03188</subfield>
    </datafield>
    <datafield tag="035" ind1=" " ind2=" ">
      <subfield code="a">(DE-599)DNB1010802054</subfield>
    </datafield>
    <datafield tag="035" ind1=" " ind2=" ">
      <subfield code="a">(OCoLC)742971865</subfield>
    </datafield>
    <datafield tag="035" ind1=" " ind2=" ">
      <subfield code="a">(OCoLC)725060944</subfield>
    </datafield>
    <datafield tag="040" ind1=" " ind2=" ">
      <subfield code="a">1245</subfield>
      <subfield code="b">ger</subfield>
      <subfield code="c">DE-101</subfield>
      <subfield code="d">9999</subfield>
    </datafield>
    <datafield tag="041" ind1=" " ind2=" ">
      <subfield code="a">ger</subfield>
      <subfield code="a">eng</subfield>
      <subfield code="h">und</subfield>
    </datafield>
    <datafield tag="044" ind1=" " ind2=" ">
      <subfield code="c">XA-DE-BW</subfield>
    </datafield>
    <datafield tag="082" ind1="0" ind2="4">
      <subfield code="8">1\u</subfield>
      <subfield code="a">779.41717092</subfield>
      <subfield code="q">DE-101</subfield>
      <subfield code="2">22/ger</subfield>
    </datafield>
    <datafield tag="083" ind1="7" ind2=" ">
      <subfield code="8">2\p</subfield>
      <subfield code="a">770</subfield>
      <subfield code="a">720</subfield>
      <subfield code="q">DE-101</subfield>
      <subfield code="2">22sdnb</subfield>
    </datafield>
    <datafield tag="085" ind1=" " ind2=" ">
      <subfield code="8">1\u</subfield>
      <subfield code="b">779</subfield>
    </datafield>
    <datafield tag="085" ind1=" " ind2=" ">
      <subfield code="8">1\u</subfield>
      <subfield code="s">704.944</subfield>
    </datafield>
    <datafield tag="085" ind1=" " ind2=" ">
      <subfield code="8">1\u</subfield>
      <subfield code="z">1</subfield>
      <subfield code="s">092</subfield>
    </datafield>
    <datafield tag="085" ind1=" " ind2=" ">
      <subfield code="8">1\u</subfield>
      <subfield code="z">2</subfield>
      <subfield code="s">1717</subfield>
    </datafield>
    <datafield tag="090" ind1=" " ind2=" ">
      <subfield code="a">b</subfield>
    </datafield>
    <datafield tag="245" ind1="0" ind2="0">
      <subfield code="a">Roman Bezjak, Socialist modernism</subfield>
      <subfield code="b">archeology of an era ; [in conjunction with the Exhibition Roman Bezjak. Socialist Modernism, Sprengel-Museum Hannover, June 22 - October 16, 2011, Robert-Morath-Galerie, Hamburg, January 21 - March 17, 2012]</subfield>
      <subfield code="c">[ed. Inka Schube. Text Inka Schube ; Till Brigleb ; Christian Raabe. Transl. Allison Plath-Moseley]</subfield>
    </datafield>
    <datafield tag="264" ind1=" " ind2="1">
      <subfield code="a">Ostfildern, Germany</subfield>
      <subfield code="b">Hatje Cantz</subfield>
      <subfield code="c">2011</subfield>
    </datafield>
    <datafield tag="300" ind1=" " ind2=" ">
      <subfield code="a">159 S.</subfield>
      <subfield code="b">überw. Ill., Kt.</subfield>
      <subfield code="c">26 x 32 cm</subfield>
    </datafield>
    <datafield tag="336" ind1=" " ind2=" ">
      <subfield code="a">unbewegtes Bild</subfield>
      <subfield code="b">sti</subfield>
      <subfield code="2">rdacontent</subfield>
    </datafield>
    <datafield tag="337" ind1=" " ind2=" ">
      <subfield code="a">ohne Hilfsmittel zu benutzen</subfield>
      <subfield code="b">n</subfield>
      <subfield code="2">rdamedia</subfield>
    </datafield>
    <datafield tag="338" ind1=" " ind2=" ">
      <subfield code="a">Band</subfield>
      <subfield code="b">nc</subfield>
      <subfield code="2">rdacarrier</subfield>
    </datafield>
    <datafield tag="500" ind1=" " ind2=" ">
      <subfield code="a">Text engl. und dt.</subfield>
    </datafield>
    <datafield tag="600" ind1="1" ind2="7">
      <subfield code="0">(DE-588)124182615</subfield>
      <subfield code="0">https://d-nb.info/gnd/124182615</subfield>
      <subfield code="0">(DE-101)124182615</subfield>
      <subfield code="a">Bezjak, Roman</subfield>
      <subfield code="d">1962-</subfield>
      <subfield code="9">rswk-swf</subfield>
      <subfield code="2">gnd</subfield>
    </datafield>
    <datafield tag="648" ind1=" " ind2="7">
      <subfield code="a">Geschichte 2005-2010</subfield>
      <subfield code="9">rswk-swf</subfield>
      <subfield code="2">gnd</subfield>
    </datafield>
    <datafield tag="650" ind1=" " ind2="7">
      <subfield code="0">(DE-588)4002855-0</subfield>
      <subfield code="0">https://d-nb.info/gnd/4002855-0</subfield>
      <subfield code="0">(DE-101)040028550</subfield>
      <subfield code="a">Architekturfotografie</subfield>
      <subfield code="9">rswk-swf</subfield>
      <subfield code="2">gnd</subfield>
    </datafield>
    <datafield tag="650" ind1=" " ind2="7">
      <subfield code="0">(DE-588)4022233-0</subfield>
      <subfield code="0">https://d-nb.info/gnd/4022233-0</subfield>
      <subfield code="0">(DE-101)040222330</subfield>
      <subfield code="a">Großstadt</subfield>
      <subfield code="9">rswk-swf</subfield>
      <subfield code="2">gnd</subfield>
    </datafield>
    <datafield tag="651" ind1=" " ind2="7">
      <subfield code="0">(DE-588)4075739-0</subfield>
      <subfield code="0">https://d-nb.info/gnd/4075739-0</subfield>
      <subfield code="0">(DE-101)040757390</subfield>
      <subfield code="a">Osteuropa</subfield>
      <subfield code="9">rswk-swf</subfield>
      <subfield code="2">gnd</subfield>
    </datafield>
    <datafield tag="651" ind1=" " ind2="7">
      <subfield code="0">(DE-588)4058449-5</subfield>
      <subfield code="0">https://d-nb.info/gnd/4058449-5</subfield>
      <subfield code="0">(DE-101)040584496</subfield>
      <subfield code="a">Südosteuropa</subfield>
      <subfield code="9">rswk-swf</subfield>
      <subfield code="2">gnd</subfield>
    </datafield>
    <datafield tag="653" ind1=" " ind2=" ">
      <subfield code="a">(Produktform)Hardback</subfield>
    </datafield>
    <datafield tag="653" ind1=" " ind2=" ">
      <subfield code="a">(Keywords)photography</subfield>
    </datafield>
    <datafield tag="653" ind1=" " ind2=" ">
      <subfield code="a">(Keywords)documentary photography</subfield>
    </datafield>
    <datafield tag="653" ind1=" " ind2=" ">
      <subfield code="a">(Keywords)Bezjak, Roman</subfield>
    </datafield>
    <datafield tag="653" ind1=" " ind2=" ">
      <subfield code="a">(Keywords)Fotografie</subfield>
    </datafield>
    <datafield tag="653" ind1=" " ind2=" ">
      <subfield code="a">(Keywords)Dokumentarfotografie</subfield>
    </datafield>
    <datafield tag="655" ind1=" " ind2="7">
      <subfield code="0">(DE-588)4135467-9</subfield>
      <subfield code="0">https://d-nb.info/gnd/4135467-9</subfield>
      <subfield code="0">(DE-101)041354672</subfield>
      <subfield code="a">Ausstellungskatalog</subfield>
      <subfield code="y">2011</subfield>
      <subfield code="z">Hannover</subfield>
      <subfield code="2">gnd-content</subfield>
    </datafield>
    <datafield tag="655" ind1=" " ind2="7">
      <subfield code="0">(DE-588)1071861417</subfield>
      <subfield code="0">https://d-nb.info/gnd/1071861417</subfield>
      <subfield code="0">(DE-101)1071861417</subfield>
      <subfield code="a">Konferenzschrift</subfield>
      <subfield code="2">gnd-content</subfield>
    </datafield>
    <datafield tag="655" ind1=" " ind2="7">
      <subfield code="a">Ausstellung</subfield>
      <subfield code="z">Hannover &lt;2011></subfield>
      <subfield code="9">rswk-swf</subfield>
      <subfield code="2">gnd</subfield>
    </datafield>
    <datafield tag="689" ind1="0" ind2="0">
      <subfield code="0">(DE-588)124182615</subfield>
      <subfield code="0">https://d-nb.info/gnd/124182615</subfield>
      <subfield code="0">(DE-101)124182615</subfield>
      <subfield code="D">p</subfield>
      <subfield code="a">Bezjak, Roman</subfield>
      <subfield code="d">1962-</subfield>
    </datafield>
    <datafield tag="689" ind1="0" ind2="1">
      <subfield code="0">(DE-588)4002855-0</subfield>
      <subfield code="0">https://d-nb.info/gnd/4002855-0</subfield>
      <subfield code="0">(DE-101)040028550</subfield>
      <subfield code="D">s</subfield>
      <subfield code="a">Architekturfotografie</subfield>
    </datafield>
    <datafield tag="689" ind1="0" ind2="2">
      <subfield code="0">(DE-588)4075739-0</subfield>
      <subfield code="0">https://d-nb.info/gnd/4075739-0</subfield>
      <subfield code="0">(DE-101)040757390</subfield>
      <subfield code="D">g</subfield>
      <subfield code="a">Osteuropa</subfield>
    </datafield>
    <datafield tag="689" ind1="0" ind2="3">
      <subfield code="0">(DE-588)4058449-5</subfield>
      <subfield code="0">https://d-nb.info/gnd/4058449-5</subfield>
      <subfield code="0">(DE-101)040584496</subfield>
      <subfield code="D">g</subfield>
      <subfield code="a">Südosteuropa</subfield>
    </datafield>
    <datafield tag="689" ind1="0" ind2="4">
      <subfield code="0">(DE-588)4022233-0</subfield>
      <subfield code="0">https://d-nb.info/gnd/4022233-0</subfield>
      <subfield code="0">(DE-101)040222330</subfield>
      <subfield code="D">s</subfield>
      <subfield code="a">Großstadt</subfield>
    </datafield>
    <datafield tag="689" ind1="0" ind2="5">
      <subfield code="A">z</subfield>
      <subfield code="a">Geschichte 2005-2010</subfield>
    </datafield>
    <datafield tag="689" ind1="0" ind2="6">
      <subfield code="A">f</subfield>
      <subfield code="a">Ausstellung</subfield>
    </datafield>
    <datafield tag="689" ind1="0" ind2="7">
      <subfield code="A">g</subfield>
      <subfield code="a">Hannover &lt;2011></subfield>
    </datafield>
    <datafield tag="689" ind1="0" ind2=" ">
      <subfield code="5">DE-101</subfield>
      <subfield code="5">DE-101</subfield>
    </datafield>
    <datafield tag="700" ind1="1" ind2=" ">
      <subfield code="0">(DE-588)112866018</subfield>
      <subfield code="0">https://d-nb.info/gnd/112866018</subfield>
      <subfield code="0">(DE-101)112866018</subfield>
      <subfield code="a">Schube, Inka</subfield>
      <subfield code="d">1961-</subfield>
      <subfield code="e">Mitwirkender</subfield>
      <subfield code="4">ctb</subfield>
      <subfield code="2">gnd</subfield>
    </datafield>
    <datafield tag="700" ind1="1" ind2=" ">
      <subfield code="0">(DE-588)121493342</subfield>
      <subfield code="0">https://d-nb.info/gnd/121493342</subfield>
      <subfield code="0">(DE-101)121493342</subfield>
      <subfield code="a">Briegleb, Till</subfield>
      <subfield code="d">1962-</subfield>
      <subfield code="e">Mitwirkender</subfield>
      <subfield code="4">ctb</subfield>
      <subfield code="2">gnd</subfield>
    </datafield>
    <datafield tag="700" ind1="1" ind2=" ">
      <subfield code="0">(DE-588)135743788</subfield>
      <subfield code="0">https://d-nb.info/gnd/135743788</subfield>
      <subfield code="0">(DE-101)135743788</subfield>
      <subfield code="a">Raabe, Christian</subfield>
      <subfield code="d">1963-</subfield>
      <subfield code="e">Mitwirkender</subfield>
      <subfield code="4">ctb</subfield>
      <subfield code="2">gnd</subfield>
    </datafield>
    <datafield tag="700" ind1="1" ind2=" ">
      <subfield code="0">(DE-588)124182615</subfield>
      <subfield code="0">https://d-nb.info/gnd/124182615</subfield>
      <subfield code="0">(DE-101)124182615</subfield>
      <subfield code="a">Bezjak, Roman</subfield>
      <subfield code="d">1962-</subfield>
      <subfield code="e">Illustrator</subfield>
      <subfield code="4">ill</subfield>
      <subfield code="2">gnd</subfield>
    </datafield>
    <datafield tag="710" ind1="2" ind2=" ">
      <subfield code="0">(DE-588)2083948-0</subfield>
      <subfield code="0">https://d-nb.info/gnd/2083948-0</subfield>
      <subfield code="0">(DE-101)007332122</subfield>
      <subfield code="a">Sprengel Museum Hannover</subfield>
      <subfield code="e">Herausgebendes Organ</subfield>
      <subfield code="4">isb</subfield>
      <subfield code="2">gnd</subfield>
    </datafield>
    <datafield tag="711" ind1="2" ind2=" ">
      <subfield code="0">(DE-588)16162463-7</subfield>
      <subfield code="0">https://d-nb.info/gnd/16162463-7</subfield>
      <subfield code="0">(DE-101)1013104005</subfield>
      <subfield code="a">Ausstellung Roman Bezjak. Socialist Modernism</subfield>
      <subfield code="d">2011 - 2012</subfield>
      <subfield code="c">Hannover; Hamburg</subfield>
      <subfield code="j">Herausgebendes Organ</subfield>
      <subfield code="4">isb</subfield>
      <subfield code="2">gnd</subfield>
    </datafield>
    <datafield tag="850" ind1=" " ind2=" ">
      <subfield code="a">DE-101a</subfield>
      <subfield code="a">DE-101b</subfield>
    </datafield>
    <datafield tag="856" ind1="4" ind2="2">
      <subfield code="m">X:MVB</subfield>
      <subfield code="q">text/html</subfield>
      <subfield code="u">http://deposit.dnb.de/cgi-bin/dokserv?id=3708126&amp;prov=M&amp;dok_var=1&amp;dok_ext=htm</subfield>
      <subfield code="3">Inhaltstext</subfield>
    </datafield>
    <datafield tag="883" ind1="2" ind2=" ">
      <subfield code="8">2\p</subfield>
      <subfield code="a">dnb</subfield>
      <subfield code="d">20160229</subfield>
      <subfield code="q">DE-101</subfield>
      <subfield code="u">https://d-nb.info/provenance/plan#dnb</subfield>
    </datafield>
    <datafield tag="925" ind1="r" ind2=" ">
      <subfield code="a">ra</subfield>
    </datafield>
  </record></recordData><recordPosition>128</recordPosition></record>