<record><recordSchema>MARC21-xml</recordSchema><recordPacking>xml</recordPacking><recordData><record xmlns="http://www.loc.gov/MARC21/slim" type="Bibliographic">
    <leader>00000pam a2200000 c 4500</leader>
    <controlfield tag="001">1006182721</controlfield>
    <controlfield tag="003">DE-101</controlfield>
    <controlfield tag="005">20240524132930.0</controlfield>
    <controlfield tag="007">tu</controlfield>
    <controlfield tag="008">100826s2010    gw ||||| |||| 00||||ger  </controlfield>
    <datafield tag="015" ind1=" " ind2=" ">
      <subfield code="a">10,A47</subfield>
      <subfield code="z">10,N35</subfield>
      <subfield code="2">dnb</subfield>
    </datafield>
    <datafield tag="016" ind1="7" ind2=" ">
      <subfield code="2">DE-101</subfield>
      <subfield code="a">1006182721</subfield>
    </datafield>
    <datafield tag="020" ind1=" " ind2=" ">
      <subfield code="a">9783862060351</subfield>
      <subfield code="c">Pp. : EUR 24.90</subfield>
      <subfield code="9">978-3-86206-035-1</subfield>
    </datafield>
    <datafield tag="024" ind1="3" ind2=" ">
      <subfield code="a">9783862060351</subfield>
    </datafield>
    <datafield tag="035" ind1=" " ind2=" ">
      <subfield code="a">(DE-599)DNB1006182721</subfield>
    </datafield>
    <datafield tag="035" ind1=" " ind2=" ">
      <subfield code="a">(OCoLC)845926644</subfield>
    </datafield>
    <datafield tag="035" ind1=" " ind2=" ">
      <subfield code="a">(OCoLC)686762407</subfield>
    </datafield>
    <datafield tag="040" ind1=" " ind2=" ">
      <subfield code="a">1145</subfield>
      <subfield code="b">ger</subfield>
      <subfield code="c">DE-101</subfield>
      <subfield code="d">1250</subfield>
    </datafield>
    <datafield tag="041" ind1=" " ind2=" ">
      <subfield code="a">ger</subfield>
    </datafield>
    <datafield tag="044" ind1=" " ind2=" ">
      <subfield code="c">XA-DE-NW</subfield>
    </datafield>
    <datafield tag="082" ind1="0" ind2="4">
      <subfield code="8">1\u</subfield>
      <subfield code="a">759.309041074435954</subfield>
      <subfield code="q">DE-101</subfield>
      <subfield code="2">23/ger</subfield>
    </datafield>
    <datafield tag="083" ind1="7" ind2=" ">
      <subfield code="8">2\p</subfield>
      <subfield code="a">750</subfield>
      <subfield code="a">700</subfield>
      <subfield code="q">DE-101</subfield>
      <subfield code="2">22sdnb</subfield>
    </datafield>
    <datafield tag="085" ind1=" " ind2=" ">
      <subfield code="8">1\u</subfield>
      <subfield code="b">759</subfield>
    </datafield>
    <datafield tag="085" ind1=" " ind2=" ">
      <subfield code="8">1\u</subfield>
      <subfield code="z">1</subfield>
      <subfield code="s">09041</subfield>
    </datafield>
    <datafield tag="085" ind1=" " ind2=" ">
      <subfield code="8">1\u</subfield>
      <subfield code="z">1</subfield>
      <subfield code="s">074</subfield>
    </datafield>
    <datafield tag="085" ind1=" " ind2=" ">
      <subfield code="8">1\u</subfield>
      <subfield code="z">2</subfield>
      <subfield code="s">43</subfield>
    </datafield>
    <datafield tag="085" ind1=" " ind2=" ">
      <subfield code="8">1\u</subfield>
      <subfield code="z">2</subfield>
      <subfield code="s">435954</subfield>
    </datafield>
    <datafield tag="090" ind1=" " ind2=" ">
      <subfield code="a">b</subfield>
    </datafield>
    <datafield tag="245" ind1="0" ind2="0">
      <subfield code="a">&#152;Der&#156; Blick auf Fränzi und Marcella</subfield>
      <subfield code="b">zwei Modelle der Brücke-Künstler Heckel, Kirchner und Pechstein ; Sprengel-Museum Hannover, 29.08.2010 - 09.01.2011 ; Stiftung Moritzburg, Kunstmuseum des Landes Sachsen-Anhalt, 06.02.2011 - 01.05.2011</subfield>
      <subfield code="c">hrsg. von Norbert Nobis. [Sprengel-Museum Hannover]</subfield>
    </datafield>
    <datafield tag="264" ind1=" " ind2="1">
      <subfield code="a">Bönen</subfield>
      <subfield code="b">Kettler</subfield>
      <subfield code="c">2010</subfield>
    </datafield>
    <datafield tag="300" ind1=" " ind2=" ">
      <subfield code="a">160 S.</subfield>
      <subfield code="b">überw. Ill.</subfield>
      <subfield code="c">29 cm, 1060 gr.</subfield>
    </datafield>
    <datafield tag="336" ind1=" " ind2=" ">
      <subfield code="a">unbewegtes Bild</subfield>
      <subfield code="b">sti</subfield>
      <subfield code="2">rdacontent</subfield>
    </datafield>
    <datafield tag="337" ind1=" " ind2=" ">
      <subfield code="a">ohne Hilfsmittel zu benutzen</subfield>
      <subfield code="b">n</subfield>
      <subfield code="2">rdamedia</subfield>
    </datafield>
    <datafield tag="338" ind1=" " ind2=" ">
      <subfield code="a">Band</subfield>
      <subfield code="b">nc</subfield>
      <subfield code="2">rdacarrier</subfield>
    </datafield>
    <datafield tag="500" ind1=" " ind2=" ">
      <subfield code="a">Literaturangaben</subfield>
    </datafield>
    <datafield tag="600" ind1="1" ind2="7">
      <subfield code="0">(DE-588)118547488</subfield>
      <subfield code="0">https://d-nb.info/gnd/118547488</subfield>
      <subfield code="0">(DE-101)118547488</subfield>
      <subfield code="a">Heckel, Erich</subfield>
      <subfield code="d">1883-1970</subfield>
      <subfield code="9">rswk-swf</subfield>
      <subfield code="2">gnd</subfield>
    </datafield>
    <datafield tag="600" ind1="1" ind2="7">
      <subfield code="0">(DE-588)118562398</subfield>
      <subfield code="0">https://d-nb.info/gnd/118562398</subfield>
      <subfield code="0">(DE-101)118562398</subfield>
      <subfield code="a">Kirchner, Ernst Ludwig</subfield>
      <subfield code="d">1880-1938</subfield>
      <subfield code="9">rswk-swf</subfield>
      <subfield code="2">gnd</subfield>
    </datafield>
    <datafield tag="600" ind1="1" ind2="7">
      <subfield code="0">(DE-588)118592335</subfield>
      <subfield code="0">https://d-nb.info/gnd/118592335</subfield>
      <subfield code="0">(DE-101)118592335</subfield>
      <subfield code="a">Pechstein, Max</subfield>
      <subfield code="d">1881-1955</subfield>
      <subfield code="9">rswk-swf</subfield>
      <subfield code="2">gnd</subfield>
    </datafield>
    <datafield tag="600" ind1="1" ind2="7">
      <subfield code="0">(DE-588)129615552</subfield>
      <subfield code="0">https://d-nb.info/gnd/129615552</subfield>
      <subfield code="0">(DE-101)129615552</subfield>
      <subfield code="a">Fehrmann, Lina Franziska</subfield>
      <subfield code="d">1900-1950</subfield>
      <subfield code="9">rswk-swf</subfield>
      <subfield code="2">gnd</subfield>
    </datafield>
    <datafield tag="600" ind1="1" ind2="7">
      <subfield code="0">(DE-588)142885495</subfield>
      <subfield code="0">https://d-nb.info/gnd/142885495</subfield>
      <subfield code="0">(DE-101)142885495</subfield>
      <subfield code="a">Sprentzel, Marcella Albertine Olga</subfield>
      <subfield code="d">1895-1977</subfield>
      <subfield code="9">rswk-swf</subfield>
      <subfield code="2">gnd</subfield>
    </datafield>
    <datafield tag="650" ind1=" " ind2="7">
      <subfield code="0">(DE-588)4120855-9</subfield>
      <subfield code="0">https://d-nb.info/gnd/4120855-9</subfield>
      <subfield code="0">(DE-101)041208552</subfield>
      <subfield code="a">Aktdarstellung</subfield>
      <subfield code="9">rswk-swf</subfield>
      <subfield code="2">gnd</subfield>
    </datafield>
    <datafield tag="650" ind1=" " ind2="7">
      <subfield code="0">(DE-588)4193189-0</subfield>
      <subfield code="0">https://d-nb.info/gnd/4193189-0</subfield>
      <subfield code="0">(DE-101)041931890</subfield>
      <subfield code="a">Modell</subfield>
      <subfield code="g">Kunst</subfield>
      <subfield code="9">rswk-swf</subfield>
      <subfield code="2">gnd</subfield>
    </datafield>
    <datafield tag="650" ind1=" " ind2="7">
      <subfield code="0">(DE-588)4036871-3</subfield>
      <subfield code="0">https://d-nb.info/gnd/4036871-3</subfield>
      <subfield code="0">(DE-101)040368718</subfield>
      <subfield code="a">Mädchen</subfield>
      <subfield code="9">rswk-swf</subfield>
      <subfield code="2">gnd</subfield>
    </datafield>
    <datafield tag="650" ind1=" " ind2="7">
      <subfield code="0">(DE-588)4193189-0</subfield>
      <subfield code="0">https://d-nb.info/gnd/4193189-0</subfield>
      <subfield code="0">(DE-101)041931890</subfield>
      <subfield code="a">Modell</subfield>
      <subfield code="g">Kunst</subfield>
      <subfield code="9">rswk-swf</subfield>
      <subfield code="2">gnd</subfield>
    </datafield>
    <datafield tag="653" ind1=" " ind2=" ">
      <subfield code="a">(VLB-PF)BB: Gebunden</subfield>
    </datafield>
    <datafield tag="653" ind1=" " ind2=" ">
      <subfield code="a">(VLB-WN)1583: Hardcover, Softcover / Kunst/Bildende Kunst</subfield>
    </datafield>
    <datafield tag="655" ind1=" " ind2="7">
      <subfield code="0">(DE-588)4135467-9</subfield>
      <subfield code="0">https://d-nb.info/gnd/4135467-9</subfield>
      <subfield code="0">(DE-101)041354672</subfield>
      <subfield code="a">Ausstellungskatalog</subfield>
      <subfield code="y">2011</subfield>
      <subfield code="z">Hannover</subfield>
      <subfield code="2">gnd-content</subfield>
    </datafield>
    <datafield tag="689" ind1="0" ind2="0">
      <subfield code="0">(DE-588)118547488</subfield>
      <subfield code="0">https://d-nb.info/gnd/118547488</subfield>
      <subfield code="0">(DE-101)118547488</subfield>
      <subfield code="D">p</subfield>
      <subfield code="a">Heckel, Erich</subfield>
      <subfield code="d">1883-1970</subfield>
    </datafield>
    <datafield tag="689" ind1="0" ind2="1">
      <subfield code="0">(DE-588)118562398</subfield>
      <subfield code="0">https://d-nb.info/gnd/118562398</subfield>
      <subfield code="0">(DE-101)118562398</subfield>
      <subfield code="D">p</subfield>
      <subfield code="a">Kirchner, Ernst Ludwig</subfield>
      <subfield code="d">1880-1938</subfield>
    </datafield>
    <datafield tag="689" ind1="0" ind2="2">
      <subfield code="0">(DE-588)118592335</subfield>
      <subfield code="0">https://d-nb.info/gnd/118592335</subfield>
      <subfield code="0">(DE-101)118592335</subfield>
      <subfield code="D">p</subfield>
      <subfield code="a">Pechstein, Max</subfield>
      <subfield code="d">1881-1955</subfield>
    </datafield>
    <datafield tag="689" ind1="0" ind2="3">
      <subfield code="0">(DE-588)4120855-9</subfield>
      <subfield code="0">https://d-nb.info/gnd/4120855-9</subfield>
      <subfield code="0">(DE-101)041208552</subfield>
      <subfield code="D">s</subfield>
      <subfield code="a">Aktdarstellung</subfield>
    </datafield>
    <datafield tag="689" ind1="0" ind2="4">
      <subfield code="0">(DE-588)4193189-0</subfield>
      <subfield code="0">https://d-nb.info/gnd/4193189-0</subfield>
      <subfield code="0">(DE-101)041931890</subfield>
      <subfield code="D">s</subfield>
      <subfield code="a">Modell</subfield>
      <subfield code="g">Kunst</subfield>
    </datafield>
    <datafield tag="689" ind1="0" ind2="5">
      <subfield code="0">(DE-588)4036871-3</subfield>
      <subfield code="0">https://d-nb.info/gnd/4036871-3</subfield>
      <subfield code="0">(DE-101)040368718</subfield>
      <subfield code="D">s</subfield>
      <subfield code="a">Mädchen</subfield>
    </datafield>
    <datafield tag="689" ind1="0" ind2=" ">
      <subfield code="5">DE-101</subfield>
      <subfield code="5">DE-101</subfield>
    </datafield>
    <datafield tag="689" ind1="1" ind2="0">
      <subfield code="0">(DE-588)129615552</subfield>
      <subfield code="0">https://d-nb.info/gnd/129615552</subfield>
      <subfield code="0">(DE-101)129615552</subfield>
      <subfield code="D">p</subfield>
      <subfield code="a">Fehrmann, Lina Franziska</subfield>
      <subfield code="d">1900-1950</subfield>
    </datafield>
    <datafield tag="689" ind1="1" ind2="1">
      <subfield code="0">(DE-588)142885495</subfield>
      <subfield code="0">https://d-nb.info/gnd/142885495</subfield>
      <subfield code="0">(DE-101)142885495</subfield>
      <subfield code="D">p</subfield>
      <subfield code="a">Sprentzel, Marcella Albertine Olga</subfield>
      <subfield code="d">1895-1977</subfield>
    </datafield>
    <datafield tag="689" ind1="1" ind2="2">
      <subfield code="0">(DE-588)4193189-0</subfield>
      <subfield code="0">https://d-nb.info/gnd/4193189-0</subfield>
      <subfield code="0">(DE-101)041931890</subfield>
      <subfield code="D">s</subfield>
      <subfield code="a">Modell</subfield>
      <subfield code="g">Kunst</subfield>
    </datafield>
    <datafield tag="689" ind1="1" ind2=" ">
      <subfield code="5">DE-101</subfield>
      <subfield code="5">DE-101</subfield>
    </datafield>
    <datafield tag="700" ind1="1" ind2=" ">
      <subfield code="0">(DE-588)140825991</subfield>
      <subfield code="0">https://d-nb.info/gnd/140825991</subfield>
      <subfield code="0">(DE-101)140825991</subfield>
      <subfield code="a">Nobis, Norbert</subfield>
      <subfield code="d">1945-</subfield>
      <subfield code="e">Herausgeber</subfield>
      <subfield code="4">edt</subfield>
      <subfield code="2">gnd</subfield>
    </datafield>
    <datafield tag="710" ind1="2" ind2=" ">
      <subfield code="0">(DE-588)2083948-0</subfield>
      <subfield code="0">https://d-nb.info/gnd/2083948-0</subfield>
      <subfield code="0">(DE-101)007332122</subfield>
      <subfield code="a">Sprengel Museum Hannover</subfield>
      <subfield code="e">Herausgebendes Organ</subfield>
      <subfield code="4">isb</subfield>
      <subfield code="2">gnd</subfield>
    </datafield>
    <datafield tag="850" ind1=" " ind2=" ">
      <subfield code="a">DE-101a</subfield>
      <subfield code="a">DE-101b</subfield>
    </datafield>
    <datafield tag="856" ind1="4" ind2="2">
      <subfield code="m">B:DE-101</subfield>
      <subfield code="q">application/pdf</subfield>
      <subfield code="u">https://d-nb.info/1006182721/04</subfield>
      <subfield code="3">Inhaltsverzeichnis</subfield>
    </datafield>
    <datafield tag="883" ind1="2" ind2=" ">
      <subfield code="8">2\p</subfield>
      <subfield code="a">dnb</subfield>
      <subfield code="d">20160229</subfield>
      <subfield code="q">DE-101</subfield>
      <subfield code="u">https://d-nb.info/provenance/plan#dnb</subfield>
    </datafield>
    <datafield tag="925" ind1="r" ind2=" ">
      <subfield code="a">ra</subfield>
    </datafield>
  </record></recordData><recordPosition>132</recordPosition></record>