<record><recordSchema>MARC21-xml</recordSchema><recordPacking>xml</recordPacking><recordData><record xmlns="http://www.loc.gov/MARC21/slim" type="Bibliographic">
    <leader>00000pam a2200000 c 4500</leader>
    <controlfield tag="001">994608845</controlfield>
    <controlfield tag="003">DE-101</controlfield>
    <controlfield tag="005">20171202104415.0</controlfield>
    <controlfield tag="007">tu</controlfield>
    <controlfield tag="008">090605s2009    gw ||||| |||| 00||||ger  </controlfield>
    <datafield tag="015" ind1=" " ind2=" ">
      <subfield code="a">10,A36</subfield>
      <subfield code="z">09,N26,1203</subfield>
      <subfield code="2">dnb</subfield>
    </datafield>
    <datafield tag="016" ind1="7" ind2=" ">
      <subfield code="2">DE-101</subfield>
      <subfield code="a">994608845</subfield>
    </datafield>
    <datafield tag="020" ind1=" " ind2=" ">
      <subfield code="a">9783865218346</subfield>
      <subfield code="c">Pp. : EUR 42.00</subfield>
      <subfield code="9">978-3-86521-834-6</subfield>
    </datafield>
    <datafield tag="024" ind1="3" ind2=" ">
      <subfield code="a">9783865218346</subfield>
    </datafield>
    <datafield tag="035" ind1=" " ind2=" ">
      <subfield code="a">(DE-599)DNB994608845</subfield>
    </datafield>
    <datafield tag="035" ind1=" " ind2=" ">
      <subfield code="a">(OCoLC)663501153</subfield>
    </datafield>
    <datafield tag="040" ind1=" " ind2=" ">
      <subfield code="a">1245</subfield>
      <subfield code="b">ger</subfield>
      <subfield code="c">DE-101</subfield>
      <subfield code="d">9999</subfield>
    </datafield>
    <datafield tag="041" ind1=" " ind2=" ">
      <subfield code="a">ger</subfield>
      <subfield code="a">eng</subfield>
      <subfield code="h">ger</subfield>
    </datafield>
    <datafield tag="044" ind1=" " ind2=" ">
      <subfield code="c">XA-DE-NI</subfield>
    </datafield>
    <datafield tag="082" ind1="0" ind2="4">
      <subfield code="8">1\u</subfield>
      <subfield code="a">779.2092</subfield>
      <subfield code="q">DE-101</subfield>
      <subfield code="2">22/ger</subfield>
    </datafield>
    <datafield tag="083" ind1="7" ind2=" ">
      <subfield code="8">2\p</subfield>
      <subfield code="a">770</subfield>
      <subfield code="q">DE-101</subfield>
      <subfield code="2">22sdnb</subfield>
    </datafield>
    <datafield tag="085" ind1=" " ind2=" ">
      <subfield code="8">1\u</subfield>
      <subfield code="b">779</subfield>
    </datafield>
    <datafield tag="085" ind1=" " ind2=" ">
      <subfield code="8">1\u</subfield>
      <subfield code="s">704.942</subfield>
    </datafield>
    <datafield tag="085" ind1=" " ind2=" ">
      <subfield code="8">1\u</subfield>
      <subfield code="z">1</subfield>
      <subfield code="s">092</subfield>
    </datafield>
    <datafield tag="090" ind1=" " ind2=" ">
      <subfield code="a">b</subfield>
    </datafield>
    <datafield tag="100" ind1="1" ind2=" ">
      <subfield code="0">(DE-588)119274574</subfield>
      <subfield code="0">https://d-nb.info/gnd/119274574</subfield>
      <subfield code="0">(DE-101)119274574</subfield>
      <subfield code="a">Mychajlov, Borys</subfield>
      <subfield code="d">1938-</subfield>
      <subfield code="e">Verfasser</subfield>
      <subfield code="4">aut</subfield>
      <subfield code="2">gnd</subfield>
    </datafield>
    <datafield tag="245" ind1="1" ind2="0">
      <subfield code="a">Maquette Braunschweig</subfield>
      <subfield code="b">[im Rahmen des Festivals Theaterformen 2008]</subfield>
      <subfield code="c">Boris Mikhailov. [In Zusammenarbeit mit dem Sprengel-Museum Hannover]</subfield>
    </datafield>
    <datafield tag="250" ind1=" " ind2=" ">
      <subfield code="a">1. ed.</subfield>
    </datafield>
    <datafield tag="264" ind1=" " ind2="1">
      <subfield code="a">Göttingen</subfield>
      <subfield code="b">Steidl</subfield>
      <subfield code="c">2009</subfield>
    </datafield>
    <datafield tag="300" ind1=" " ind2=" ">
      <subfield code="a">[184], 77 S.</subfield>
      <subfield code="b">überw. Ill.</subfield>
      <subfield code="c">35 cm</subfield>
    </datafield>
    <datafield tag="336" ind1=" " ind2=" ">
      <subfield code="a">unbewegtes Bild</subfield>
      <subfield code="b">sti</subfield>
      <subfield code="2">rdacontent</subfield>
    </datafield>
    <datafield tag="337" ind1=" " ind2=" ">
      <subfield code="a">ohne Hilfsmittel zu benutzen</subfield>
      <subfield code="b">n</subfield>
      <subfield code="2">rdamedia</subfield>
    </datafield>
    <datafield tag="338" ind1=" " ind2=" ">
      <subfield code="a">Band</subfield>
      <subfield code="b">nc</subfield>
      <subfield code="2">rdacarrier</subfield>
    </datafield>
    <datafield tag="500" ind1=" " ind2=" ">
      <subfield code="a">Text dt. und engl.</subfield>
    </datafield>
    <datafield tag="600" ind1="1" ind2="7">
      <subfield code="0">(DE-588)119274574</subfield>
      <subfield code="0">https://d-nb.info/gnd/119274574</subfield>
      <subfield code="0">(DE-101)119274574</subfield>
      <subfield code="a">Mychajlov, Borys</subfield>
      <subfield code="d">1938-</subfield>
      <subfield code="9">rswk-swf</subfield>
      <subfield code="2">gnd</subfield>
    </datafield>
    <datafield tag="648" ind1=" " ind2="7">
      <subfield code="a">Geschichte 2008</subfield>
      <subfield code="9">rswk-swf</subfield>
      <subfield code="2">gnd</subfield>
    </datafield>
    <datafield tag="650" ind1=" " ind2="7">
      <subfield code="0">(DE-588)4045895-7</subfield>
      <subfield code="0">https://d-nb.info/gnd/4045895-7</subfield>
      <subfield code="0">(DE-101)040458954</subfield>
      <subfield code="a">Fotografie</subfield>
      <subfield code="9">rswk-swf</subfield>
      <subfield code="2">gnd</subfield>
    </datafield>
    <datafield tag="650" ind1=" " ind2="7">
      <subfield code="0">(DE-588)4038639-9</subfield>
      <subfield code="0">https://d-nb.info/gnd/4038639-9</subfield>
      <subfield code="0">(DE-101)040386392</subfield>
      <subfield code="a">Mensch</subfield>
      <subfield code="9">rswk-swf</subfield>
      <subfield code="2">gnd</subfield>
    </datafield>
    <datafield tag="651" ind1=" " ind2="7">
      <subfield code="0">(DE-588)4008065-1</subfield>
      <subfield code="0">https://d-nb.info/gnd/4008065-1</subfield>
      <subfield code="0">(DE-101)04008065X</subfield>
      <subfield code="a">Braunschweig</subfield>
      <subfield code="9">rswk-swf</subfield>
      <subfield code="2">gnd</subfield>
    </datafield>
    <datafield tag="653" ind1=" " ind2=" ">
      <subfield code="a">(VLB-PF)BA: Buch</subfield>
    </datafield>
    <datafield tag="653" ind1=" " ind2=" ">
      <subfield code="a">(VLB-WN)1587: Hardcover, Softcover / Kunst/Fotografie, Film, Video, TV</subfield>
    </datafield>
    <datafield tag="655" ind1=" " ind2="7">
      <subfield code="0">(DE-588)4145395-5</subfield>
      <subfield code="0">https://d-nb.info/gnd/4145395-5</subfield>
      <subfield code="0">(DE-101)041453956</subfield>
      <subfield code="a">Bildband</subfield>
      <subfield code="2">gnd-content</subfield>
    </datafield>
    <datafield tag="655" ind1=" " ind2="7">
      <subfield code="a">Bildband</subfield>
      <subfield code="9">rswk-swf</subfield>
      <subfield code="2">gnd</subfield>
    </datafield>
    <datafield tag="689" ind1="0" ind2="0">
      <subfield code="0">(DE-588)119274574</subfield>
      <subfield code="0">https://d-nb.info/gnd/119274574</subfield>
      <subfield code="0">(DE-101)119274574</subfield>
      <subfield code="D">p</subfield>
      <subfield code="a">Mychajlov, Borys</subfield>
      <subfield code="d">1938-</subfield>
    </datafield>
    <datafield tag="689" ind1="0" ind2="1">
      <subfield code="0">(DE-588)4045895-7</subfield>
      <subfield code="0">https://d-nb.info/gnd/4045895-7</subfield>
      <subfield code="0">(DE-101)040458954</subfield>
      <subfield code="D">s</subfield>
      <subfield code="a">Fotografie</subfield>
    </datafield>
    <datafield tag="689" ind1="0" ind2="2">
      <subfield code="0">(DE-588)4008065-1</subfield>
      <subfield code="0">https://d-nb.info/gnd/4008065-1</subfield>
      <subfield code="0">(DE-101)04008065X</subfield>
      <subfield code="D">g</subfield>
      <subfield code="a">Braunschweig</subfield>
    </datafield>
    <datafield tag="689" ind1="0" ind2="3">
      <subfield code="0">(DE-588)4038639-9</subfield>
      <subfield code="0">https://d-nb.info/gnd/4038639-9</subfield>
      <subfield code="0">(DE-101)040386392</subfield>
      <subfield code="D">s</subfield>
      <subfield code="a">Mensch</subfield>
    </datafield>
    <datafield tag="689" ind1="0" ind2="4">
      <subfield code="A">z</subfield>
      <subfield code="a">Geschichte 2008</subfield>
    </datafield>
    <datafield tag="689" ind1="0" ind2="5">
      <subfield code="A">f</subfield>
      <subfield code="a">Bildband</subfield>
    </datafield>
    <datafield tag="689" ind1="0" ind2=" ">
      <subfield code="5">DE-101</subfield>
      <subfield code="5">DE-101</subfield>
    </datafield>
    <datafield tag="850" ind1=" " ind2=" ">
      <subfield code="a">DE-101a</subfield>
      <subfield code="a">DE-101b</subfield>
    </datafield>
    <datafield tag="883" ind1="2" ind2=" ">
      <subfield code="8">2\p</subfield>
      <subfield code="a">dnb</subfield>
      <subfield code="d">20160229</subfield>
      <subfield code="q">DE-101</subfield>
      <subfield code="u">https://d-nb.info/provenance/plan#dnb</subfield>
    </datafield>
    <datafield tag="925" ind1="r" ind2=" ">
      <subfield code="a">ra</subfield>
    </datafield>
  </record></recordData><recordPosition>148</recordPosition></record>