<record><recordSchema>MARC21-xml</recordSchema><recordPacking>xml</recordPacking><recordData><record xmlns="http://www.loc.gov/MARC21/slim" type="Bibliographic">
    <leader>00000nam a2200000 c 4500</leader>
    <controlfield tag="001">995156689</controlfield>
    <controlfield tag="003">DE-101</controlfield>
    <controlfield tag="005">20210608171106.0</controlfield>
    <controlfield tag="007">tu</controlfield>
    <controlfield tag="008">090707s2009    gw ||||| |||| 00||||ger  </controlfield>
    <datafield tag="015" ind1=" " ind2=" ">
      <subfield code="a">09,A41,1468</subfield>
      <subfield code="2">dnb</subfield>
    </datafield>
    <datafield tag="016" ind1="7" ind2=" ">
      <subfield code="2">DE-101</subfield>
      <subfield code="a">995156689</subfield>
    </datafield>
    <datafield tag="020" ind1=" " ind2=" ">
      <subfield code="a">9783832192129</subfield>
      <subfield code="c">Hgewebe : EUR 39.95</subfield>
      <subfield code="9">978-3-8321-9212-9</subfield>
    </datafield>
    <datafield tag="035" ind1=" " ind2=" ">
      <subfield code="a">(DE-599)DNB995156689</subfield>
    </datafield>
    <datafield tag="035" ind1=" " ind2=" ">
      <subfield code="a">(OCoLC)645491025</subfield>
    </datafield>
    <datafield tag="035" ind1=" " ind2=" ">
      <subfield code="a">(OCoLC)612443274</subfield>
    </datafield>
    <datafield tag="040" ind1=" " ind2=" ">
      <subfield code="a">1139</subfield>
      <subfield code="b">ger</subfield>
      <subfield code="c">DE-101</subfield>
      <subfield code="d">9999</subfield>
    </datafield>
    <datafield tag="041" ind1=" " ind2=" ">
      <subfield code="a">ger</subfield>
    </datafield>
    <datafield tag="044" ind1=" " ind2=" ">
      <subfield code="c">XA-DE</subfield>
    </datafield>
    <datafield tag="082" ind1="0" ind2="4">
      <subfield code="8">1\u</subfield>
      <subfield code="a">759.3</subfield>
      <subfield code="q">DE-101</subfield>
      <subfield code="2">22/ger</subfield>
    </datafield>
    <datafield tag="083" ind1="0" ind2=" ">
      <subfield code="8">2\u</subfield>
      <subfield code="a">759.4</subfield>
      <subfield code="q">DE-101</subfield>
      <subfield code="2">22/ger</subfield>
    </datafield>
    <datafield tag="083" ind1="7" ind2=" ">
      <subfield code="8">3\p</subfield>
      <subfield code="a">750</subfield>
      <subfield code="q">DE-101</subfield>
      <subfield code="2">22sdnb</subfield>
    </datafield>
    <datafield tag="085" ind1=" " ind2=" ">
      <subfield code="8">1\u</subfield>
      <subfield code="b">759</subfield>
    </datafield>
    <datafield tag="085" ind1=" " ind2=" ">
      <subfield code="8">1\u</subfield>
      <subfield code="z">2</subfield>
      <subfield code="s">43</subfield>
    </datafield>
    <datafield tag="085" ind1=" " ind2=" ">
      <subfield code="8">2\u</subfield>
      <subfield code="b">759</subfield>
    </datafield>
    <datafield tag="085" ind1=" " ind2=" ">
      <subfield code="8">2\u</subfield>
      <subfield code="z">2</subfield>
      <subfield code="s">44</subfield>
    </datafield>
    <datafield tag="090" ind1=" " ind2=" ">
      <subfield code="a">b</subfield>
    </datafield>
    <datafield tag="245" ind1="0" ind2="0">
      <subfield code="a">Marc, Macke und Delaunay</subfield>
      <subfield code="b">die Schönheit einer zerbrechenden Welt (1910 - 1914) ; [Sprengel-Museum Hannover, 29. März bis 19. Juli 2009]</subfield>
      <subfield code="c">Sprengel-Museum Hannover. Hrsg. von Susanne Meyer-Büser. [Autoren Volker Adolphs ... Übers. Stefan Barmann ...]</subfield>
    </datafield>
    <datafield tag="264" ind1=" " ind2="1">
      <subfield code="a">Köln</subfield>
      <subfield code="b">DuMont</subfield>
      <subfield code="c">2009</subfield>
    </datafield>
    <datafield tag="300" ind1=" " ind2=" ">
      <subfield code="a">278 S.</subfield>
      <subfield code="b">überw. Ill.</subfield>
      <subfield code="c">31 cm</subfield>
    </datafield>
    <datafield tag="336" ind1=" " ind2=" ">
      <subfield code="a">unbewegtes Bild</subfield>
      <subfield code="b">sti</subfield>
      <subfield code="2">rdacontent</subfield>
    </datafield>
    <datafield tag="337" ind1=" " ind2=" ">
      <subfield code="a">ohne Hilfsmittel zu benutzen</subfield>
      <subfield code="b">n</subfield>
      <subfield code="2">rdamedia</subfield>
    </datafield>
    <datafield tag="338" ind1=" " ind2=" ">
      <subfield code="a">Band</subfield>
      <subfield code="b">nc</subfield>
      <subfield code="2">rdacarrier</subfield>
    </datafield>
    <datafield tag="600" ind1="1" ind2="7">
      <subfield code="0">(DE-588)11857745X</subfield>
      <subfield code="0">https://d-nb.info/gnd/11857745X</subfield>
      <subfield code="0">(DE-101)11857745X</subfield>
      <subfield code="a">Marc, Franz</subfield>
      <subfield code="d">1880-1916</subfield>
      <subfield code="9">rswk-swf</subfield>
      <subfield code="2">gnd</subfield>
    </datafield>
    <datafield tag="600" ind1="1" ind2="7">
      <subfield code="0">(DE-588)118575864</subfield>
      <subfield code="0">https://d-nb.info/gnd/118575864</subfield>
      <subfield code="0">(DE-101)118575864</subfield>
      <subfield code="a">Macke, August</subfield>
      <subfield code="d">1887-1914</subfield>
      <subfield code="9">rswk-swf</subfield>
      <subfield code="2">gnd</subfield>
    </datafield>
    <datafield tag="600" ind1="1" ind2="7">
      <subfield code="0">(DE-588)118524496</subfield>
      <subfield code="0">https://d-nb.info/gnd/118524496</subfield>
      <subfield code="0">(DE-101)118524496</subfield>
      <subfield code="a">Delaunay, Robert</subfield>
      <subfield code="d">1885-1941</subfield>
      <subfield code="9">rswk-swf</subfield>
      <subfield code="2">gnd</subfield>
    </datafield>
    <datafield tag="648" ind1=" " ind2="7">
      <subfield code="a">Geschichte 1909-1915</subfield>
      <subfield code="9">rswk-swf</subfield>
      <subfield code="2">gnd</subfield>
    </datafield>
    <datafield tag="648" ind1=" " ind2="7">
      <subfield code="a">Geschichte 1910-1914</subfield>
      <subfield code="9">rswk-swf</subfield>
      <subfield code="2">gnd</subfield>
    </datafield>
    <datafield tag="648" ind1=" " ind2="7">
      <subfield code="a">Geschichte 1908-1928</subfield>
      <subfield code="9">rswk-swf</subfield>
      <subfield code="2">gnd</subfield>
    </datafield>
    <datafield tag="650" ind1=" " ind2="7">
      <subfield code="0">(DE-588)4037220-0</subfield>
      <subfield code="0">https://d-nb.info/gnd/4037220-0</subfield>
      <subfield code="0">(DE-101)040372200</subfield>
      <subfield code="a">Malerei</subfield>
      <subfield code="9">rswk-swf</subfield>
      <subfield code="2">gnd</subfield>
    </datafield>
    <datafield tag="650" ind1=" " ind2="7">
      <subfield code="0">(DE-588)4037220-0</subfield>
      <subfield code="0">https://d-nb.info/gnd/4037220-0</subfield>
      <subfield code="0">(DE-101)040372200</subfield>
      <subfield code="a">Malerei</subfield>
      <subfield code="9">rswk-swf</subfield>
      <subfield code="2">gnd</subfield>
    </datafield>
    <datafield tag="650" ind1=" " ind2="7">
      <subfield code="0">(DE-588)4037220-0</subfield>
      <subfield code="0">https://d-nb.info/gnd/4037220-0</subfield>
      <subfield code="0">(DE-101)040372200</subfield>
      <subfield code="a">Malerei</subfield>
      <subfield code="9">rswk-swf</subfield>
      <subfield code="2">gnd</subfield>
    </datafield>
    <datafield tag="655" ind1=" " ind2="7">
      <subfield code="0">(DE-588)4135467-9</subfield>
      <subfield code="0">https://d-nb.info/gnd/4135467-9</subfield>
      <subfield code="0">(DE-101)041354672</subfield>
      <subfield code="a">Ausstellungskatalog</subfield>
      <subfield code="y">2009</subfield>
      <subfield code="z">Hannover</subfield>
      <subfield code="2">gnd-content</subfield>
    </datafield>
    <datafield tag="655" ind1=" " ind2="7">
      <subfield code="a">Ausstellung</subfield>
      <subfield code="z">Hannover &lt;2009></subfield>
      <subfield code="9">rswk-swf</subfield>
      <subfield code="2">gnd</subfield>
    </datafield>
    <datafield tag="655" ind1=" " ind2="7">
      <subfield code="a">Ausstellung</subfield>
      <subfield code="z">Hannover &lt;2009></subfield>
      <subfield code="9">rswk-swf</subfield>
      <subfield code="2">gnd</subfield>
    </datafield>
    <datafield tag="655" ind1=" " ind2="7">
      <subfield code="a">Ausstellung</subfield>
      <subfield code="z">Hannover &lt;2009></subfield>
      <subfield code="9">rswk-swf</subfield>
      <subfield code="2">gnd</subfield>
    </datafield>
    <datafield tag="689" ind1="0" ind2="0">
      <subfield code="0">(DE-588)11857745X</subfield>
      <subfield code="0">https://d-nb.info/gnd/11857745X</subfield>
      <subfield code="0">(DE-101)11857745X</subfield>
      <subfield code="D">p</subfield>
      <subfield code="a">Marc, Franz</subfield>
      <subfield code="d">1880-1916</subfield>
    </datafield>
    <datafield tag="689" ind1="0" ind2="1">
      <subfield code="0">(DE-588)4037220-0</subfield>
      <subfield code="0">https://d-nb.info/gnd/4037220-0</subfield>
      <subfield code="0">(DE-101)040372200</subfield>
      <subfield code="D">s</subfield>
      <subfield code="a">Malerei</subfield>
    </datafield>
    <datafield tag="689" ind1="0" ind2="2">
      <subfield code="A">z</subfield>
      <subfield code="a">Geschichte 1909-1915</subfield>
    </datafield>
    <datafield tag="689" ind1="0" ind2="3">
      <subfield code="A">f</subfield>
      <subfield code="a">Ausstellung</subfield>
    </datafield>
    <datafield tag="689" ind1="0" ind2="4">
      <subfield code="A">g</subfield>
      <subfield code="a">Hannover &lt;2009></subfield>
    </datafield>
    <datafield tag="689" ind1="0" ind2=" ">
      <subfield code="5">DE-101</subfield>
      <subfield code="5">DE-101</subfield>
    </datafield>
    <datafield tag="689" ind1="1" ind2="0">
      <subfield code="0">(DE-588)118575864</subfield>
      <subfield code="0">https://d-nb.info/gnd/118575864</subfield>
      <subfield code="0">(DE-101)118575864</subfield>
      <subfield code="D">p</subfield>
      <subfield code="a">Macke, August</subfield>
      <subfield code="d">1887-1914</subfield>
    </datafield>
    <datafield tag="689" ind1="1" ind2="1">
      <subfield code="0">(DE-588)4037220-0</subfield>
      <subfield code="0">https://d-nb.info/gnd/4037220-0</subfield>
      <subfield code="0">(DE-101)040372200</subfield>
      <subfield code="D">s</subfield>
      <subfield code="a">Malerei</subfield>
    </datafield>
    <datafield tag="689" ind1="1" ind2="2">
      <subfield code="A">z</subfield>
      <subfield code="a">Geschichte 1910-1914</subfield>
    </datafield>
    <datafield tag="689" ind1="1" ind2="3">
      <subfield code="A">f</subfield>
      <subfield code="a">Ausstellung</subfield>
    </datafield>
    <datafield tag="689" ind1="1" ind2="4">
      <subfield code="A">g</subfield>
      <subfield code="a">Hannover &lt;2009></subfield>
    </datafield>
    <datafield tag="689" ind1="1" ind2=" ">
      <subfield code="5">DE-101</subfield>
      <subfield code="5">DE-101</subfield>
    </datafield>
    <datafield tag="689" ind1="2" ind2="0">
      <subfield code="0">(DE-588)118524496</subfield>
      <subfield code="0">https://d-nb.info/gnd/118524496</subfield>
      <subfield code="0">(DE-101)118524496</subfield>
      <subfield code="D">p</subfield>
      <subfield code="a">Delaunay, Robert</subfield>
      <subfield code="d">1885-1941</subfield>
    </datafield>
    <datafield tag="689" ind1="2" ind2="1">
      <subfield code="0">(DE-588)4037220-0</subfield>
      <subfield code="0">https://d-nb.info/gnd/4037220-0</subfield>
      <subfield code="0">(DE-101)040372200</subfield>
      <subfield code="D">s</subfield>
      <subfield code="a">Malerei</subfield>
    </datafield>
    <datafield tag="689" ind1="2" ind2="2">
      <subfield code="A">z</subfield>
      <subfield code="a">Geschichte 1908-1928</subfield>
    </datafield>
    <datafield tag="689" ind1="2" ind2="3">
      <subfield code="A">f</subfield>
      <subfield code="a">Ausstellung</subfield>
    </datafield>
    <datafield tag="689" ind1="2" ind2="4">
      <subfield code="A">g</subfield>
      <subfield code="a">Hannover &lt;2009></subfield>
    </datafield>
    <datafield tag="689" ind1="2" ind2=" ">
      <subfield code="5">DE-101</subfield>
      <subfield code="5">DE-101</subfield>
    </datafield>
    <datafield tag="700" ind1="1" ind2=" ">
      <subfield code="0">(DE-588)122347722</subfield>
      <subfield code="0">https://d-nb.info/gnd/122347722</subfield>
      <subfield code="0">(DE-101)122347722</subfield>
      <subfield code="a">Meyer-Büser, Susanne</subfield>
      <subfield code="d">1963-</subfield>
      <subfield code="e">Herausgeber</subfield>
      <subfield code="4">edt</subfield>
      <subfield code="2">gnd</subfield>
    </datafield>
    <datafield tag="700" ind1="1" ind2=" ">
      <subfield code="0">(DE-588)112609945</subfield>
      <subfield code="0">https://d-nb.info/gnd/112609945</subfield>
      <subfield code="0">(DE-101)112609945</subfield>
      <subfield code="a">Adolphs, Volker</subfield>
      <subfield code="d">1957-</subfield>
      <subfield code="e">Mitwirkender</subfield>
      <subfield code="4">ctb</subfield>
      <subfield code="2">gnd</subfield>
    </datafield>
    <datafield tag="710" ind1="2" ind2=" ">
      <subfield code="0">(DE-588)2083948-0</subfield>
      <subfield code="0">https://d-nb.info/gnd/2083948-0</subfield>
      <subfield code="0">(DE-101)007332122</subfield>
      <subfield code="a">Sprengel Museum Hannover</subfield>
      <subfield code="e">Herausgebendes Organ</subfield>
      <subfield code="4">isb</subfield>
      <subfield code="2">gnd</subfield>
    </datafield>
    <datafield tag="850" ind1=" " ind2=" ">
      <subfield code="a">DE-101a</subfield>
      <subfield code="a">DE-101b</subfield>
    </datafield>
    <datafield tag="856" ind1="4" ind2="2">
      <subfield code="m">B:DE-101</subfield>
      <subfield code="q">application/pdf</subfield>
      <subfield code="u">https://d-nb.info/995156689/04</subfield>
      <subfield code="3">Inhaltsverzeichnis</subfield>
    </datafield>
    <datafield tag="883" ind1="2" ind2=" ">
      <subfield code="8">3\p</subfield>
      <subfield code="a">dnb</subfield>
      <subfield code="d">20160229</subfield>
      <subfield code="q">DE-101</subfield>
      <subfield code="u">https://d-nb.info/provenance/plan#dnb</subfield>
    </datafield>
    <datafield tag="925" ind1="r" ind2=" ">
      <subfield code="a">ra</subfield>
    </datafield>
  </record></recordData><recordPosition>150</recordPosition></record>