<record><recordSchema>MARC21-xml</recordSchema><recordPacking>xml</recordPacking><recordData><record xmlns="http://www.loc.gov/MARC21/slim" type="Bibliographic">
    <leader>00000pam a2200000 c 4500</leader>
    <controlfield tag="001">984167382</controlfield>
    <controlfield tag="003">DE-101</controlfield>
    <controlfield tag="005">20190117095740.0</controlfield>
    <controlfield tag="007">tu</controlfield>
    <controlfield tag="008">070511s2007    gw ||||| |||| 00||||ger  </controlfield>
    <datafield tag="015" ind1=" " ind2=" ">
      <subfield code="a">07,B39,0395</subfield>
      <subfield code="z">07,N23,1369</subfield>
      <subfield code="2">dnb</subfield>
    </datafield>
    <datafield tag="016" ind1="7" ind2=" ">
      <subfield code="2">DE-101</subfield>
      <subfield code="a">984167382</subfield>
    </datafield>
    <datafield tag="020" ind1=" " ind2=" ">
      <subfield code="a">9783891692011</subfield>
      <subfield code="c">geh. Wendebd. : EUR 7.00</subfield>
      <subfield code="9">978-3-89169-201-1</subfield>
    </datafield>
    <datafield tag="020" ind1=" " ind2=" ">
      <subfield code="a">3891692013</subfield>
      <subfield code="c">geh. Wendebd. : EUR 7.00</subfield>
      <subfield code="9">3-89169-201-3</subfield>
    </datafield>
    <datafield tag="024" ind1="3" ind2=" ">
      <subfield code="a">9783891692011</subfield>
    </datafield>
    <datafield tag="035" ind1=" " ind2=" ">
      <subfield code="a">(DE-599)DNB984167382</subfield>
    </datafield>
    <datafield tag="035" ind1=" " ind2=" ">
      <subfield code="a">(OCoLC)723667990</subfield>
    </datafield>
    <datafield tag="040" ind1=" " ind2=" ">
      <subfield code="a">1245</subfield>
      <subfield code="b">ger</subfield>
      <subfield code="c">DE-101</subfield>
      <subfield code="d">9999</subfield>
    </datafield>
    <datafield tag="041" ind1=" " ind2=" ">
      <subfield code="a">ger</subfield>
    </datafield>
    <datafield tag="044" ind1=" " ind2=" ">
      <subfield code="c">XA-DE-NI</subfield>
    </datafield>
    <datafield tag="082" ind1="0" ind2="4">
      <subfield code="8">1\u</subfield>
      <subfield code="a">769.92</subfield>
      <subfield code="q">DE-101</subfield>
      <subfield code="2">22/ger</subfield>
    </datafield>
    <datafield tag="083" ind1="0" ind2=" ">
      <subfield code="8">2\u</subfield>
      <subfield code="a">741.092</subfield>
      <subfield code="q">DE-101</subfield>
      <subfield code="2">22/ger</subfield>
    </datafield>
    <datafield tag="083" ind1="7" ind2=" ">
      <subfield code="8">3\p</subfield>
      <subfield code="a">760</subfield>
      <subfield code="a">740</subfield>
      <subfield code="q">DE-101</subfield>
      <subfield code="2">22sdnb</subfield>
    </datafield>
    <datafield tag="085" ind1=" " ind2=" ">
      <subfield code="8">1\u</subfield>
      <subfield code="b">769.92</subfield>
    </datafield>
    <datafield tag="085" ind1=" " ind2=" ">
      <subfield code="8">2\u</subfield>
      <subfield code="b">741.092</subfield>
    </datafield>
    <datafield tag="090" ind1=" " ind2=" ">
      <subfield code="a">b</subfield>
    </datafield>
    <datafield tag="245" ind1="0" ind2="0">
      <subfield code="a">Horst Antes</subfield>
      <subfield code="b">Sammlung Wolf und Ursula Hermann ; Ergänzungen 1989 - 2007 ; Sprengel-Museum Hannover, 9. Mai bis 19. August 2007</subfield>
      <subfield code="c">[Katalog Norbert Nobis. Autoren Joachim Büchner ; Peter Mathar ; Norbert Nobis]</subfield>
    </datafield>
    <datafield tag="264" ind1=" " ind2="1">
      <subfield code="a">Hannover</subfield>
      <subfield code="b">Sprengel-Museum</subfield>
      <subfield code="c">2007</subfield>
    </datafield>
    <datafield tag="300" ind1=" " ind2=" ">
      <subfield code="a">15, 15 S.</subfield>
      <subfield code="b">zahlr. Ill.</subfield>
      <subfield code="c">28 cm, 220 gr.</subfield>
    </datafield>
    <datafield tag="336" ind1=" " ind2=" ">
      <subfield code="a">Text</subfield>
      <subfield code="b">txt</subfield>
      <subfield code="2">rdacontent</subfield>
    </datafield>
    <datafield tag="336" ind1=" " ind2=" ">
      <subfield code="a">unbewegtes Bild</subfield>
      <subfield code="b">sti</subfield>
      <subfield code="2">rdacontent</subfield>
    </datafield>
    <datafield tag="337" ind1=" " ind2=" ">
      <subfield code="a">ohne Hilfsmittel zu benutzen</subfield>
      <subfield code="b">n</subfield>
      <subfield code="2">rdamedia</subfield>
    </datafield>
    <datafield tag="338" ind1=" " ind2=" ">
      <subfield code="a">Band</subfield>
      <subfield code="b">nc</subfield>
      <subfield code="2">rdacarrier</subfield>
    </datafield>
    <datafield tag="500" ind1=" " ind2=" ">
      <subfield code="a">Werkeverz. W. Mattheuer S. 13 - 15</subfield>
    </datafield>
    <datafield tag="653" ind1=" " ind2=" ">
      <subfield code="a">(VLB-FS)Antes, Horst</subfield>
    </datafield>
    <datafield tag="653" ind1=" " ind2=" ">
      <subfield code="a">(VLB-FS)Mattheuer, Wolfgang</subfield>
    </datafield>
    <datafield tag="653" ind1=" " ind2=" ">
      <subfield code="a">(VLB-FS)Hermann, Wolf</subfield>
    </datafield>
    <datafield tag="653" ind1=" " ind2=" ">
      <subfield code="a">(VLB-FS)Hermann, Ursula</subfield>
    </datafield>
    <datafield tag="653" ind1=" " ind2=" ">
      <subfield code="a">(VLB-PF)BF: Geheftet</subfield>
    </datafield>
    <datafield tag="653" ind1=" " ind2=" ">
      <subfield code="a">(VLB-WN)1583: HC/Kunst/Bildende Kunst</subfield>
    </datafield>
    <datafield tag="700" ind1="1" ind2=" ">
      <subfield code="0">(DE-588)140825991</subfield>
      <subfield code="0">https://d-nb.info/gnd/140825991</subfield>
      <subfield code="0">(DE-101)140825991</subfield>
      <subfield code="a">Nobis, Norbert</subfield>
      <subfield code="d">1945-</subfield>
      <subfield code="e">Mitwirkender</subfield>
      <subfield code="4">ctb</subfield>
      <subfield code="2">gnd</subfield>
    </datafield>
    <datafield tag="700" ind1="1" ind2=" ">
      <subfield code="0">(DE-588)171994442</subfield>
      <subfield code="0">https://d-nb.info/gnd/171994442</subfield>
      <subfield code="0">(DE-101)171994442</subfield>
      <subfield code="a">Büchner, Joachim</subfield>
      <subfield code="d">1929-1991</subfield>
      <subfield code="e">Mitwirkender</subfield>
      <subfield code="4">ctb</subfield>
      <subfield code="2">gnd</subfield>
    </datafield>
    <datafield tag="700" ind1="1" ind2=" ">
      <subfield code="0">(DE-588)14260528X</subfield>
      <subfield code="0">https://d-nb.info/gnd/14260528X</subfield>
      <subfield code="0">(DE-101)14260528X</subfield>
      <subfield code="a">Mathar, Peter</subfield>
      <subfield code="d">ca. 20./21.Jh.</subfield>
      <subfield code="e">Mitwirkender</subfield>
      <subfield code="4">ctb</subfield>
      <subfield code="2">gnd</subfield>
    </datafield>
    <datafield tag="700" ind1="1" ind2=" ">
      <subfield code="0">(DE-588)118503316</subfield>
      <subfield code="0">https://d-nb.info/gnd/118503316</subfield>
      <subfield code="0">(DE-101)118503316</subfield>
      <subfield code="a">Antes, Horst</subfield>
      <subfield code="d">1936-</subfield>
      <subfield code="e">Illustrator</subfield>
      <subfield code="4">ill</subfield>
      <subfield code="2">gnd</subfield>
    </datafield>
    <datafield tag="710" ind1="2" ind2=" ">
      <subfield code="0">(DE-588)2083948-0</subfield>
      <subfield code="0">https://d-nb.info/gnd/2083948-0</subfield>
      <subfield code="0">(DE-101)007332122</subfield>
      <subfield code="a">Sprengel Museum Hannover</subfield>
      <subfield code="e">Herausgebendes Organ</subfield>
      <subfield code="4">isb</subfield>
      <subfield code="2">gnd</subfield>
    </datafield>
    <datafield tag="850" ind1=" " ind2=" ">
      <subfield code="a">DE-101a</subfield>
      <subfield code="a">DE-101b</subfield>
    </datafield>
    <datafield tag="856" ind1="4" ind2="2">
      <subfield code="m">V:DE-576</subfield>
      <subfield code="q">application/pdf</subfield>
      <subfield code="u">https://d-nb.info/984167382/04</subfield>
      <subfield code="3">Inhaltsverzeichnis</subfield>
    </datafield>
    <datafield tag="856" ind1="4" ind2="2">
      <subfield code="m">X:MVB</subfield>
      <subfield code="q">text/html</subfield>
      <subfield code="u">http://deposit.dnb.de/cgi-bin/dokserv?id=2955361&amp;prov=M&amp;dok_var=1&amp;dok_ext=htm</subfield>
      <subfield code="3">Inhaltstext</subfield>
    </datafield>
    <datafield tag="883" ind1="2" ind2=" ">
      <subfield code="8">3\p</subfield>
      <subfield code="a">dnb</subfield>
      <subfield code="d">20160229</subfield>
      <subfield code="q">DE-101</subfield>
      <subfield code="u">https://d-nb.info/provenance/plan#dnb</subfield>
    </datafield>
    <datafield tag="925" ind1="r" ind2=" ">
      <subfield code="a">rb</subfield>
    </datafield>
  </record></recordData><recordPosition>163</recordPosition></record>