<record><recordSchema>MARC21-xml</recordSchema><recordPacking>xml</recordPacking><recordData><record xmlns="http://www.loc.gov/MARC21/slim" type="Bibliographic">
    <leader>00000nam a2200000 c 4500</leader>
    <controlfield tag="001">986156523</controlfield>
    <controlfield tag="003">DE-101</controlfield>
    <controlfield tag="005">20171202045815.0</controlfield>
    <controlfield tag="007">tu</controlfield>
    <controlfield tag="008">071025s2005    gw ||||| |||| 10||||ger  </controlfield>
    <datafield tag="015" ind1=" " ind2=" ">
      <subfield code="a">08,B31,0618</subfield>
      <subfield code="2">dnb</subfield>
    </datafield>
    <datafield tag="016" ind1="7" ind2=" ">
      <subfield code="2">DE-101</subfield>
      <subfield code="a">986156523</subfield>
    </datafield>
    <datafield tag="020" ind1=" " ind2=" ">
      <subfield code="a">9783000176586</subfield>
      <subfield code="c">Pp. : EUR 48.00</subfield>
      <subfield code="9">978-3-00-017658-6</subfield>
    </datafield>
    <datafield tag="020" ind1=" " ind2=" ">
      <subfield code="a">3000176586</subfield>
      <subfield code="c">Pp. : EUR 48.00</subfield>
      <subfield code="9">3-00-017658-6</subfield>
    </datafield>
    <datafield tag="035" ind1=" " ind2=" ">
      <subfield code="a">(DE-599)DNB986156523</subfield>
    </datafield>
    <datafield tag="035" ind1=" " ind2=" ">
      <subfield code="a">(OCoLC)244047667</subfield>
    </datafield>
    <datafield tag="040" ind1=" " ind2=" ">
      <subfield code="a">1130</subfield>
      <subfield code="b">ger</subfield>
      <subfield code="c">DE-101</subfield>
      <subfield code="d">9999</subfield>
    </datafield>
    <datafield tag="041" ind1=" " ind2=" ">
      <subfield code="a">ger</subfield>
    </datafield>
    <datafield tag="044" ind1=" " ind2=" ">
      <subfield code="c">XA-DE</subfield>
    </datafield>
    <datafield tag="082" ind1="0" ind2="4">
      <subfield code="8">1\u</subfield>
      <subfield code="a">779.36593092</subfield>
      <subfield code="q">DE-101</subfield>
      <subfield code="2">22/ger</subfield>
    </datafield>
    <datafield tag="083" ind1="7" ind2=" ">
      <subfield code="8">2\p</subfield>
      <subfield code="a">770</subfield>
      <subfield code="q">DE-101</subfield>
      <subfield code="2">22sdnb</subfield>
    </datafield>
    <datafield tag="085" ind1=" " ind2=" ">
      <subfield code="8">1\u</subfield>
      <subfield code="b">779</subfield>
    </datafield>
    <datafield tag="085" ind1=" " ind2=" ">
      <subfield code="8">1\u</subfield>
      <subfield code="s">704.9436</subfield>
    </datafield>
    <datafield tag="085" ind1=" " ind2=" ">
      <subfield code="8">1\u</subfield>
      <subfield code="z">1</subfield>
      <subfield code="s">092</subfield>
    </datafield>
    <datafield tag="085" ind1=" " ind2=" ">
      <subfield code="8">1\u</subfield>
      <subfield code="z">2</subfield>
      <subfield code="s">593</subfield>
    </datafield>
    <datafield tag="090" ind1=" " ind2=" ">
      <subfield code="a">b</subfield>
    </datafield>
    <datafield tag="245" ind1="0" ind2="0">
      <subfield code="a">Bangkok</subfield>
      <subfield code="b">[anlässlich der Ausstellung Bangkok - Heidi Specker Germain Krull im Sprengel-Museum Hannover, 9. Oktober 2005 bis 25. Juni 2006]</subfield>
      <subfield code="c">[Hrsg.: Ann und Jürgen Wilde. Texte: Ankana Kalantananda und Heidi Specker]</subfield>
    </datafield>
    <datafield tag="264" ind1=" " ind2="1">
      <subfield code="a">Zülpich</subfield>
      <subfield code="b">[Albert-Renger-Patzsch-Archiv]</subfield>
      <subfield code="c">c 2005</subfield>
    </datafield>
    <datafield tag="300" ind1=" " ind2=" ">
      <subfield code="a">[158] S.</subfield>
      <subfield code="b">überw. Ill.</subfield>
      <subfield code="c">25 cm</subfield>
    </datafield>
    <datafield tag="336" ind1=" " ind2=" ">
      <subfield code="a">unbewegtes Bild</subfield>
      <subfield code="b">sti</subfield>
      <subfield code="2">rdacontent</subfield>
    </datafield>
    <datafield tag="337" ind1=" " ind2=" ">
      <subfield code="a">ohne Hilfsmittel zu benutzen</subfield>
      <subfield code="b">n</subfield>
      <subfield code="2">rdamedia</subfield>
    </datafield>
    <datafield tag="338" ind1=" " ind2=" ">
      <subfield code="a">Band</subfield>
      <subfield code="b">nc</subfield>
      <subfield code="2">rdacarrier</subfield>
    </datafield>
    <datafield tag="655" ind1=" " ind2="7">
      <subfield code="0">(DE-588)1071861417</subfield>
      <subfield code="0">https://d-nb.info/gnd/1071861417</subfield>
      <subfield code="0">(DE-101)1071861417</subfield>
      <subfield code="a">Konferenzschrift</subfield>
      <subfield code="2">gnd-content</subfield>
    </datafield>
    <datafield tag="700" ind1="1" ind2=" ">
      <subfield code="0">(DE-588)13579241X</subfield>
      <subfield code="0">https://d-nb.info/gnd/13579241X</subfield>
      <subfield code="0">(DE-101)13579241X</subfield>
      <subfield code="a">Kalantananda, Ankana</subfield>
      <subfield code="e">Mitwirkender</subfield>
      <subfield code="4">ctb</subfield>
      <subfield code="2">gnd</subfield>
    </datafield>
    <datafield tag="700" ind1="1" ind2=" ">
      <subfield code="0">(DE-588)119285789</subfield>
      <subfield code="0">https://d-nb.info/gnd/119285789</subfield>
      <subfield code="0">(DE-101)119285789</subfield>
      <subfield code="a">Wilde, Ann</subfield>
      <subfield code="d">1939-</subfield>
      <subfield code="e">Herausgeber</subfield>
      <subfield code="4">edt</subfield>
      <subfield code="2">gnd</subfield>
    </datafield>
    <datafield tag="700" ind1="1" ind2=" ">
      <subfield code="0">(DE-588)120522063</subfield>
      <subfield code="0">https://d-nb.info/gnd/120522063</subfield>
      <subfield code="0">(DE-101)120522063</subfield>
      <subfield code="a">Specker, Heidi</subfield>
      <subfield code="d">1962-</subfield>
      <subfield code="e">Illustrator</subfield>
      <subfield code="4">ill</subfield>
      <subfield code="2">gnd</subfield>
    </datafield>
    <datafield tag="710" ind1="2" ind2=" ">
      <subfield code="0">(DE-588)2083948-0</subfield>
      <subfield code="0">https://d-nb.info/gnd/2083948-0</subfield>
      <subfield code="0">(DE-101)007332122</subfield>
      <subfield code="a">Sprengel Museum Hannover</subfield>
      <subfield code="e">Herausgebendes Organ</subfield>
      <subfield code="4">isb</subfield>
      <subfield code="2">gnd</subfield>
    </datafield>
    <datafield tag="711" ind1="2" ind2=" ">
      <subfield code="0">(DE-588)6511904-6</subfield>
      <subfield code="0">https://d-nb.info/gnd/6511904-6</subfield>
      <subfield code="0">(DE-101)980861705</subfield>
      <subfield code="a">Ausstellung Bangkok Heidi Specker Germaine Krull</subfield>
      <subfield code="d">2005 - 2006</subfield>
      <subfield code="c">Hannover</subfield>
      <subfield code="j">Herausgebendes Organ</subfield>
      <subfield code="4">isb</subfield>
      <subfield code="2">gnd</subfield>
    </datafield>
    <datafield tag="850" ind1=" " ind2=" ">
      <subfield code="a">DE-101a</subfield>
      <subfield code="a">DE-101b</subfield>
    </datafield>
    <datafield tag="883" ind1="2" ind2=" ">
      <subfield code="8">2\p</subfield>
      <subfield code="a">dnb</subfield>
      <subfield code="d">20160229</subfield>
      <subfield code="q">DE-101</subfield>
      <subfield code="u">https://d-nb.info/provenance/plan#dnb</subfield>
    </datafield>
    <datafield tag="925" ind1="r" ind2=" ">
      <subfield code="a">rb</subfield>
    </datafield>
  </record></recordData><recordPosition>183</recordPosition></record>