<record><recordSchema>MARC21-xml</recordSchema><recordPacking>xml</recordPacking><recordData><record xmlns="http://www.loc.gov/MARC21/slim" type="Bibliographic">
    <leader>00000pam a2200000 c 4500</leader>
    <controlfield tag="001">974028223</controlfield>
    <controlfield tag="003">DE-101</controlfield>
    <controlfield tag="005">20171203175432.0</controlfield>
    <controlfield tag="007">tu</controlfield>
    <controlfield tag="008">050303s2005    gw ||||| |||| 10||||ger  </controlfield>
    <datafield tag="015" ind1=" " ind2=" ">
      <subfield code="a">05,A46,1762</subfield>
      <subfield code="z">05,N13,0933</subfield>
      <subfield code="2">dnb</subfield>
    </datafield>
    <datafield tag="016" ind1="7" ind2=" ">
      <subfield code="2">DE-101</subfield>
      <subfield code="a">974028223</subfield>
    </datafield>
    <datafield tag="020" ind1=" " ind2=" ">
      <subfield code="a">9783775715263</subfield>
      <subfield code="c">Pp. : EUR 39.80 (DE), ca. EUR 30.60 (AT), ca. sfr 49.00</subfield>
      <subfield code="9">978-3-7757-1526-3</subfield>
    </datafield>
    <datafield tag="020" ind1=" " ind2=" ">
      <subfield code="a">3775715266</subfield>
      <subfield code="c">Pp. : EUR 39.80 (DE), ca. EUR 30.60 (AT), ca. sfr 49.00</subfield>
      <subfield code="9">3-7757-1526-6</subfield>
    </datafield>
    <datafield tag="024" ind1="3" ind2=" ">
      <subfield code="a">9783775715263</subfield>
    </datafield>
    <datafield tag="035" ind1=" " ind2=" ">
      <subfield code="a">(DE-599)DNB974028223</subfield>
    </datafield>
    <datafield tag="035" ind1=" " ind2=" ">
      <subfield code="a">(OCoLC)254109437</subfield>
    </datafield>
    <datafield tag="040" ind1=" " ind2=" ">
      <subfield code="a">1245</subfield>
      <subfield code="b">ger</subfield>
      <subfield code="c">DE-101</subfield>
      <subfield code="d">9999</subfield>
    </datafield>
    <datafield tag="041" ind1=" " ind2=" ">
      <subfield code="a">ger</subfield>
      <subfield code="a">eng</subfield>
      <subfield code="a">nor</subfield>
    </datafield>
    <datafield tag="044" ind1=" " ind2=" ">
      <subfield code="c">XA-DE-BW</subfield>
    </datafield>
    <datafield tag="082" ind1="7" ind2="4">
      <subfield code="8">3\p</subfield>
      <subfield code="a">770</subfield>
      <subfield code="q">DE-101</subfield>
      <subfield code="2">22sdnb</subfield>
    </datafield>
    <datafield tag="090" ind1=" " ind2=" ">
      <subfield code="a">b</subfield>
    </datafield>
    <datafield tag="245" ind1="0" ind2="0">
      <subfield code="a">Ernst Schwitters</subfield>
      <subfield code="b">Ernst Schwitters in Norwegen ; Fotografien 1930 - 1960 ; [anlässlich der Ausstellung Ernst Schwitters in Norwegen. Fotografien 1930 - 1960, Sprengel-Museum Hannover, 25. September 2005 - 8. Januar 2006, Preus Museum, Horten, 22. Januar - 12. März 2006]</subfield>
      <subfield code="c">hrsg. von der Kurt-und-Ernst-Schwitters-Stiftung, Hannover. Mit Texten von Olav Løkke ; Robert Meyer ; Isabel Schulz. [Red. Isabel Schulz. Übers. Janine Klein ...]</subfield>
    </datafield>
    <datafield tag="264" ind1=" " ind2="1">
      <subfield code="a">Ostfildern-Ruit</subfield>
      <subfield code="b">Hatje Cantz</subfield>
      <subfield code="c">2005</subfield>
    </datafield>
    <datafield tag="300" ind1=" " ind2=" ">
      <subfield code="a">231 S.</subfield>
      <subfield code="b">zahlr. Ill.</subfield>
      <subfield code="c">25 cm</subfield>
    </datafield>
    <datafield tag="336" ind1=" " ind2=" ">
      <subfield code="a">Text</subfield>
      <subfield code="b">txt</subfield>
      <subfield code="2">rdacontent</subfield>
    </datafield>
    <datafield tag="336" ind1=" " ind2=" ">
      <subfield code="a">unbewegtes Bild</subfield>
      <subfield code="b">sti</subfield>
      <subfield code="2">rdacontent</subfield>
    </datafield>
    <datafield tag="337" ind1=" " ind2=" ">
      <subfield code="a">ohne Hilfsmittel zu benutzen</subfield>
      <subfield code="b">n</subfield>
      <subfield code="2">rdamedia</subfield>
    </datafield>
    <datafield tag="338" ind1=" " ind2=" ">
      <subfield code="a">Band</subfield>
      <subfield code="b">nc</subfield>
      <subfield code="2">rdacarrier</subfield>
    </datafield>
    <datafield tag="500" ind1=" " ind2=" ">
      <subfield code="a">Text dt., engl. und norweg. - Literaturverz. S. 195 - 197</subfield>
    </datafield>
    <datafield tag="600" ind1="1" ind2="7">
      <subfield code="0">(DE-588)119492377</subfield>
      <subfield code="0">https://d-nb.info/gnd/119492377</subfield>
      <subfield code="0">(DE-101)119492377</subfield>
      <subfield code="a">Schwitters, Ernst</subfield>
      <subfield code="d">1918-1996</subfield>
      <subfield code="9">rswk-swf</subfield>
      <subfield code="2">gnd</subfield>
    </datafield>
    <datafield tag="648" ind1=" " ind2="7">
      <subfield code="a">Geschichte 1930-1960</subfield>
      <subfield code="9">rswk-swf</subfield>
      <subfield code="2">gnd</subfield>
    </datafield>
    <datafield tag="650" ind1=" " ind2="7">
      <subfield code="0">(DE-588)4045895-7</subfield>
      <subfield code="0">https://d-nb.info/gnd/4045895-7</subfield>
      <subfield code="0">(DE-101)040458954</subfield>
      <subfield code="a">Fotografie</subfield>
      <subfield code="9">rswk-swf</subfield>
      <subfield code="2">gnd</subfield>
    </datafield>
    <datafield tag="653" ind1=" " ind2=" ">
      <subfield code="a">(VLB-FS)photography</subfield>
    </datafield>
    <datafield tag="653" ind1=" " ind2=" ">
      <subfield code="a">(VLB-FS)Schwitters, Ernst</subfield>
    </datafield>
    <datafield tag="653" ind1=" " ind2=" ">
      <subfield code="a">(VLB-FS)Fotografie</subfield>
    </datafield>
    <datafield tag="653" ind1=" " ind2=" ">
      <subfield code="a">(VLB-PF)BB: Gebunden</subfield>
    </datafield>
    <datafield tag="655" ind1=" " ind2="7">
      <subfield code="0">(DE-588)4135467-9</subfield>
      <subfield code="0">https://d-nb.info/gnd/4135467-9</subfield>
      <subfield code="0">(DE-101)041354672</subfield>
      <subfield code="a">Ausstellungskatalog</subfield>
      <subfield code="y">2005</subfield>
      <subfield code="z">Hannover</subfield>
      <subfield code="2">gnd-content</subfield>
    </datafield>
    <datafield tag="655" ind1=" " ind2="7">
      <subfield code="0">(DE-588)1071861417</subfield>
      <subfield code="0">https://d-nb.info/gnd/1071861417</subfield>
      <subfield code="0">(DE-101)1071861417</subfield>
      <subfield code="a">Konferenzschrift</subfield>
      <subfield code="2">gnd-content</subfield>
    </datafield>
    <datafield tag="655" ind1=" " ind2="7">
      <subfield code="a">Ausstellung</subfield>
      <subfield code="z">Hannover &lt;2005></subfield>
      <subfield code="9">rswk-swf</subfield>
      <subfield code="2">gnd</subfield>
    </datafield>
    <datafield tag="689" ind1="0" ind2="0">
      <subfield code="0">(DE-588)119492377</subfield>
      <subfield code="0">https://d-nb.info/gnd/119492377</subfield>
      <subfield code="0">(DE-101)119492377</subfield>
      <subfield code="D">p</subfield>
      <subfield code="a">Schwitters, Ernst</subfield>
      <subfield code="d">1918-1996</subfield>
    </datafield>
    <datafield tag="689" ind1="0" ind2="1">
      <subfield code="0">(DE-588)4045895-7</subfield>
      <subfield code="0">https://d-nb.info/gnd/4045895-7</subfield>
      <subfield code="0">(DE-101)040458954</subfield>
      <subfield code="D">s</subfield>
      <subfield code="a">Fotografie</subfield>
    </datafield>
    <datafield tag="689" ind1="0" ind2="2">
      <subfield code="A">z</subfield>
      <subfield code="a">Geschichte 1930-1960</subfield>
    </datafield>
    <datafield tag="689" ind1="0" ind2="3">
      <subfield code="A">f</subfield>
      <subfield code="a">Ausstellung</subfield>
    </datafield>
    <datafield tag="689" ind1="0" ind2="4">
      <subfield code="A">g</subfield>
      <subfield code="a">Hannover &lt;2005></subfield>
    </datafield>
    <datafield tag="689" ind1="0" ind2=" ">
      <subfield code="5">DE-101</subfield>
      <subfield code="5">DE-101</subfield>
    </datafield>
    <datafield tag="700" ind1="1" ind2=" ">
      <subfield code="8">1\p</subfield>
      <subfield code="a">Løkke, Olav</subfield>
      <subfield code="e">Mitwirkender</subfield>
      <subfield code="4">ctb</subfield>
    </datafield>
    <datafield tag="700" ind1="1" ind2=" ">
      <subfield code="8">2\p</subfield>
      <subfield code="a">Meyer, Robert</subfield>
      <subfield code="e">Mitwirkender</subfield>
      <subfield code="4">ctb</subfield>
    </datafield>
    <datafield tag="700" ind1="1" ind2=" ">
      <subfield code="0">(DE-588)142482617</subfield>
      <subfield code="0">https://d-nb.info/gnd/142482617</subfield>
      <subfield code="0">(DE-101)142482617</subfield>
      <subfield code="a">Schulz, Isabel</subfield>
      <subfield code="d">1960-</subfield>
      <subfield code="e">Mitwirkender</subfield>
      <subfield code="4">ctb</subfield>
      <subfield code="2">gnd</subfield>
    </datafield>
    <datafield tag="700" ind1="1" ind2=" ">
      <subfield code="0">(DE-588)119492377</subfield>
      <subfield code="0">https://d-nb.info/gnd/119492377</subfield>
      <subfield code="0">(DE-101)119492377</subfield>
      <subfield code="a">Schwitters, Ernst</subfield>
      <subfield code="d">1918-1996</subfield>
      <subfield code="e">Illustrator</subfield>
      <subfield code="4">ill</subfield>
      <subfield code="2">gnd</subfield>
    </datafield>
    <datafield tag="710" ind1="2" ind2=" ">
      <subfield code="0">(DE-588)10050024-9</subfield>
      <subfield code="0">https://d-nb.info/gnd/10050024-9</subfield>
      <subfield code="0">(DE-101)966219643</subfield>
      <subfield code="a">Kurt und Ernst Schwitters Stiftung</subfield>
      <subfield code="e">Herausgebendes Organ</subfield>
      <subfield code="4">isb</subfield>
      <subfield code="2">gnd</subfield>
    </datafield>
    <datafield tag="710" ind1="2" ind2=" ">
      <subfield code="0">(DE-588)2083948-0</subfield>
      <subfield code="0">https://d-nb.info/gnd/2083948-0</subfield>
      <subfield code="0">(DE-101)007332122</subfield>
      <subfield code="a">Sprengel Museum Hannover</subfield>
      <subfield code="e">Herausgebendes Organ</subfield>
      <subfield code="4">isb</subfield>
      <subfield code="2">gnd</subfield>
    </datafield>
    <datafield tag="711" ind1="2" ind2=" ">
      <subfield code="0">(DE-588)10117171-7</subfield>
      <subfield code="0">https://d-nb.info/gnd/10117171-7</subfield>
      <subfield code="0">(DE-101)976663422</subfield>
      <subfield code="a">Ausstellung Ernst Schwitters in Norwegen. Fotografien 1930 - 1960</subfield>
      <subfield code="d">2005 - 2006</subfield>
      <subfield code="c">Hannover; Horten</subfield>
      <subfield code="j">Herausgebendes Organ</subfield>
      <subfield code="4">isb</subfield>
      <subfield code="2">gnd</subfield>
    </datafield>
    <datafield tag="850" ind1=" " ind2=" ">
      <subfield code="a">DE-101a</subfield>
      <subfield code="a">DE-101b</subfield>
    </datafield>
    <datafield tag="856" ind1="4" ind2="2">
      <subfield code="m">V:DE-576</subfield>
      <subfield code="q">application/pdf</subfield>
      <subfield code="u">https://d-nb.info/974028223/04</subfield>
      <subfield code="3">Inhaltsverzeichnis</subfield>
    </datafield>
    <datafield tag="856" ind1="4" ind2="2">
      <subfield code="m">X:MVB</subfield>
      <subfield code="q">text/html</subfield>
      <subfield code="u">http://deposit.dnb.de/cgi-bin/dokserv?id=2605033&amp;prov=M&amp;dok_var=1&amp;dok_ext=htm</subfield>
      <subfield code="3">Inhaltstext</subfield>
    </datafield>
    <datafield tag="883" ind1="2" ind2=" ">
      <subfield code="8">1\p</subfield>
      <subfield code="a">dnb</subfield>
      <subfield code="d">20200614</subfield>
      <subfield code="q">DE-101</subfield>
      <subfield code="u">https://d-nb.info/provenance/plan#dnb</subfield>
    </datafield>
    <datafield tag="883" ind1="2" ind2=" ">
      <subfield code="8">2\p</subfield>
      <subfield code="a">dnb</subfield>
      <subfield code="d">20200614</subfield>
      <subfield code="q">DE-101</subfield>
      <subfield code="u">https://d-nb.info/provenance/plan#dnb</subfield>
    </datafield>
    <datafield tag="883" ind1="2" ind2=" ">
      <subfield code="8">3\p</subfield>
      <subfield code="a">dnb</subfield>
      <subfield code="d">20160229</subfield>
      <subfield code="q">DE-101</subfield>
      <subfield code="u">https://d-nb.info/provenance/plan#dnb</subfield>
    </datafield>
    <datafield tag="925" ind1="r" ind2=" ">
      <subfield code="a">ra</subfield>
    </datafield>
  </record></recordData><recordPosition>186</recordPosition></record>